% bmc_article.bib
% 
%  An example of bibtex entries.
%  Entries taken from BMC instructions for authors page.


@article{blank,
	author  = {}, 
	title   = {},
	journal = {}, 
	year  = {},
	  month = {}, 
	  volume= {}, 
	  number= {}, 
	  pages = {},
	  note  = {} 
}


@article{smithwaterman,
  title={Identification of common molecular subsequences},
  author={T. F. Smith and M. S. Waterman},
  journal={Journal of Molecular Biology},
  volume={147},
  number={1},
  pages={195--197},
  year={1981}
}

@article{blast,
  title={Basic local alignment search tool},
  author={Altschul, S.F. and Gish, W. and Miller, W. and Myers, E.W. and Lipman, D.J.},
  journal={Journal of Molecular Biology},
  volume={215},
  number={3},
  pages={403--410},
  year={1990},
  publisher={Elsevier}
}


@article{farrar,
  title={Striped Smith-Waterman speeds database searches six times over other {SIMD} implementations},
  author={Farrar, Michael},
  journal={Bioinformatics},
  volume={23},
  number={2},
  pages={156--161},
  year={2007},
  publisher={Oxford Univ Press}
}

@article{rognes,
  title={Faster Smith-Waterman database searches with inter-sequence {SIMD} parallelisation},
  author={Rognes, Torbj{\o}rn},
  journal={BMC Bioinformatics},
  volume={12},
  number={1},
  pages={221},
  year={2011},
  publisher={BioMed Central Ltd}
}

@book{durbin1998biological,
  title={Biological sequence analysis: probabilistic models of proteins and nucleic acids},
  author={Durbin, Richard and Eddy, Sean R and Krogh, Anders and Mitchison, Graeme},
  year={1998},
  publisher={Cambridge university press}
}

@article{eddy1998profile,
  title={Profile Hidden Markov Models},
  author={Eddy, Sean R.},
  journal={Bioinformatics},
  volume={14},
  number={9},
  pages={755--763},
  year={1998},
  publisher={Oxford Univ Press}
}

@article{pfam,
  title={The Pfam protein families database},
  author={Bateman, Alex and Coin, Lachlan and Durbin, Richard and Finn, Robert D and Hollich, Volker and Griffiths-Jones, Sam and Khanna, Ajay and Marshall, Mhairi and Moxon, Simon and Sonnhammer, Erik LL and others},
  journal={Nucleic acids research},
  volume={32},
  number={suppl 1},
  pages={D138--D141},
  year={2004},
  publisher={Oxford Univ Press}
}

@article{eddy2011hmmer3,
  title={Accelerated profile {HMM} searches},
  author={Eddy, Sean R},
  journal={PLoS Computational Biology},
  volume={7},
  number={10},
  pages={e1002195},
  year={2011},
  publisher={Public Library of Science}
}

@article{krogh1994,
  title={Hidden Markov models in computational biology: Applications to protein modeling},
  author={Krogh, Anders and Brown, Michael and Mian, I Saira and Sjolander, Kimmen and Haussler, David},
  journal={Journal of Molecular Biology},
  volume={235},
  number={5},
  pages={1501--1531},
  year={1994},
  publisher={London, New York, Academic Press.}
}

@article{eddy2008probabilistic,
  title={A probabilistic model of local sequence alignment that simplifies statistical significance estimation},
  author={Eddy, Sean R},
  journal={PLoS Computational Biology},
  volume={4},
  number={5},
  pages={e1000069},
  year={2008},
  publisher={Public Library of Science}
}

@article{sam,
  title={Hidden Markov models for detecting remote protein homologies.},
  author={Karplus, Kevin and Barrett, Christian and Hughey, Richard},
  journal={Bioinformatics},
  volume={14},
  number={10},
  pages={846--856},
  year={1998},
  publisher={Oxford Univ Press}
}

@article{nrdb90,
  title={Removing near-neighbour redundancy from large protein sequence collections.},
  author={Holm, Liisa and Sander, Chris},
  journal={Bioinformatics},
  volume={14},
  number={5},
  pages={423--429},
  year={1998},
  publisher={Oxford Univ Press}
}

@article{fpgas,
  title={Hardware Acceleration of HMMER on FPGAs},
  author={Derrien, Steven and Quinton, Patrice},
  journal={Journal of Signal Processing Systems},
  volume={58},
  number={1},
  pages={53--67},
  year={2010},
  publisher={Springer}
}

@inproceedings{gpus,
  title={Accelerating HMMER on GPUs by implementing hybrid data and task parallelism},
  author={Ganesan, Narayan and Chamberlain, Roger D and Buhler, Jeremy and Taufer, Michela},
  booktitle={Proceedings of the First ACM International Conference on Bioinformatics and Computational Biology},
  pages={418--421},
  year={2010},
  organization={ACM}
}


@article{dfam,
  title={{Dfam}: a database of repetitive {DNA} based on profile hidden Markov models},
  author={Wheeler, Travis J and Clements, Jody and Eddy, Sean R and Hubley, Robert and Jones, Thomas A and Jurka, Jerzy and Smit, Arian FA and Finn, Robert D},
  journal={Nucleic acids research},
  volume={41},
  number={D1},
  pages={D70--D82},
  year={2013},
  publisher={Oxford Univ Press}
}



@misc{oprofile,
  title={{OProfile} - A System Profiler for Linux},
  author={Levon, J. and Elie, P},
  howpublished = "\url{http://oprofile.sourceforge.net}",
  year={1990}
}

@Article{papi,
 author = {S. Browne and J. Dongarra and N. Garner and G. and P. Mucci},
 title = {A Portable Programming Interface for Performance Evaluation on Modern Processors},
 journal = {International Journal of High Performance Computing Applications},
 year = {2000},
 volume = {14},
 number = {3},
 pages = {189-204},
 month = {Fall}
}
