@InBook{tomas2010bda,
      author = {Pedro Tom\'{a}s and Aleksandar Ilic and Leonel Sousa},
       title = {Biomedical Diagnostics and Clinical Technologies: Applying High-Performance Cluster and Grid Computing},
     chapter = {Massive Data Classification of Neural Responses},
   publisher = {IGI Global},
       month = {2},
        year = {2010},
}

@Article{tomas2010aqa,
      author = {Pedro Tom\'{a}s and Leonel Sousa},
       title = {A quantitative analysis of firing rate estimators: unveiling bias sources},
     journal = {Neurocomputing},
   publisher = {Elsevier},
      number = {73},
       pages = {2944-2954},
       month = {10},
        year = {2010},
        link = {6424},
}

@InProceedings{ramalho2010eic,
      author = {Rui Miguel Marm\'{e} Ramalho and Pedro Tom\'{a}s and Leonel Sousa},
       title = {Efficient Independent Component Analysis on a GPU},
   booktitle = {10th IEEE International Conference on Computer and Information Technology},
   publisher = {IEEE Computer Society},
       pages = {1128-1133},
    location = {Bradford, West Yorkshire, UK},
       month = {6},
        year = {2010},
}

@PhDThesis{tomas2009nct,
      author = {Pedro Tom\'{a}s},
       title = {Neural Code: Tunning and Assessment of Retina Models},
      school = {IST, Universidade Técnica de Lisboa},
       month = {3},
        year = {2009},
     address = {Lisboa, Portugal},
}

@MasterThesis{tomas2006aat,
      author = {Pedro Tom\'{a}s},
       title = {Algorithms and tools for automatic generation of DSP hardware structures},
      school = {Instituto Superior Técnico},
       month = {1},
        year = {2006},
        link = {http://www.inesc-id.pt/ficheiros/publicacoes/1844.pdf},
}

@TechReport{tomas2007sao,
      author = {Pedro Tom\'{a}s and Leonel Sousa},
       title = {Statistical Analysis of a Spike Train Distance in Poisson models},
 institution = {INESC-ID},
       month = {11},
        year = {2007},
}

@Misc{mylink,
 OPTkey = {},
 author = {S. Merkel},
 OPTtitle = {},
 howpublished = {http://merkel.zoneo.net/Latex/natbib.php},
 month = {December},
 year = {2010},
 OPTnote = {},
 OPTannote = {},
 OPTdoi = {},
 OPTissn = {},
 OPTlocalfile = {},
}





================================================================== 
	Markov Models
==================================================================

@ARTICLE{viterbi,
	author={Viterbi, A.J.},
	journal={Information Theory, IEEE Transactions on}, title={Error bounds for convolutional codes and an asymptotically optimum decoding algorithm},
	year={April},
	volume={13},
	number={2},
	pages={260-269},
	keywords={Convolutional codes},
	doi={10.1109/TIT.1967.1054010},
	ISSN={0018-9448}
}

@article{hmms,
  title={An introduction to hidden Markov models},
  author={Rabiner, Lawrence and Juang, B},
  journal={ASSP Magazine, IEEE},
  volume={3},
  number={1},
  pages={4--16},
  year={1986},
  publisher={IEEE}
}

@article{hmms-speech,
  title={A tutorial on hidden Markov models and selected applications in speech recognition},
  author={Rabiner, Lawrence R},
  journal={Proceedings of the IEEE},
  volume={77},
  number={2},
  pages={257--286},
  year={1989},
  publisher={IEEE}
}

@book{hmmsbook,
  title={Biological sequence analysis: probabilistic models of proteins and nucleic acids},
  author={Durbin, Richard and Eddy, Sean R and Krogh, Anders and Mitchison, Graeme},
  year={1998},
  publisher={Cambridge university press}
}

@article{eddy1998profile,
  title={Profile hidden Markov models.},
  author={Eddy, Sean R.},
  journal={Bioinformatics},
  volume={14},
  number={9},
  pages={755--763},
  year={1998},
  publisher={Oxford Univ Press}
}


@article{hmmer3,
  title={Accelerated profile HMM searches},
  author={Eddy, Sean R},
  journal={PLoS Computational Biology},
  volume={7},
  number={10},
  pages={e1002195},
  year={2011},
  publisher={Public Library of Science}
}

@article{krogh1994,
  title={Hidden Markov models in computational biology: Applications to protein modeling},
  author={Krogh, Anders and Brown, Michael and Mian, I Saira and Sjolander, Kimmen and Haussler, David},
  journal={Journal of molecular biology},
  volume={235},
  number={5},
  pages={1501--1531},
  year={1994},
  publisher={London, New York, Academic Press.}
}

@article{eddy2008probabilistic,
  title={A probabilistic model of local sequence alignment that simplifies statistical significance estimation},
  author={Eddy, Sean R},
  journal={PLoS computational biology},
  volume={4},
  number={5},
  pages={e1000069},
  year={2008},
  publisher={Public Library of Science}
}


@article{hmmer-fpgas,
  title={Hardware Acceleration of HMMER on FPGAs},
  author={Derrien, Steven and Quinton, Patrice},
  journal={Journal of Signal Processing Systems},
  volume={58},
  number={1},
  pages={53--67},
  year={2010},
  publisher={Springer}
}

@inproceedings{hmmer-gpus,
  title={Accelerating HMMER on GPUs by implementing hybrid data and task parallelism},
  author={Ganesan, Narayan and Chamberlain, Roger D and Buhler, Jeremy and Taufer, Michela},
  booktitle={Proceedings of the First ACM International Conference on Bioinformatics and Computational Biology},
  pages={418--421},
  year={2010},
  organization={ACM}
}


@Misc{lindahl,
 author = {E. Lindahl},
 OPTtitle = {Altivec HMMer, version 2},
 howpublished = {http://lindahl.sbc.su.se/software/altivec/altivec-hmmer,-version-2.html},
 year = {2005},
 OPTnote = {},
 OPTannote = {},
 OPTdoi = {},
 OPTissn = {},
 OPTlocalfile = {},
}

@inproceedings{hmmer-mpi,
  title={Accelerating the HMMER sequence analysis suite using conventional processors},
  author={Walters, John Paul and Qudah, Bashar and Chaudhary, Vipin},
  booktitle={Advanced Information Networking and Applications, 2006. AINA 2006. 20th International Conference on},
  volume={1},
  pages={6--pp},
  year={2006},
  organization={IEEE}
}

@inproceedings{clawhmmer,
  title={Clawhmmer: A streaming hmmer-search implementatio},
  author={Horn, Daniel Reiter and Houston, Mike and Hanrahan, Pat},
  booktitle={Proceedings of the 2005 ACM/IEEE conference on Supercomputing},
  pages={11},
  year={2005},
  organization={IEEE Computer Society}
}


@article{hmmer-userguide,
  title={HMMER User's Guide},
  author={Eddy, Sean R},
  year={2010}
}




==================================================================
	 Databases
==================================================================

@article{sam,
  title={Hidden Markov models for detecting remote protein homologies.},
  author={Karplus, Kevin and Barrett, Christian and Hughey, Richard},
  journal={Bioinformatics},
  volume={14},
  number={10},
  pages={846--856},
  year={1998},
  publisher={Oxford Univ Press}
}

@article{nrdb90,
  title={Removing near-neighbour redundancy from large protein sequence collections.},
  author={Holm, Liisa and Sander, Chris},
  journal={Bioinformatics},
  volume={14},
  number={5},
  pages={423--429},
  year={1998},
  publisher={Oxford Univ Press}
}

@online{nrdb90-site,
	author = {Holm, Liisa},
	title = {Nonredundant sequence database},
	month = sept,
	year = {2013},
	url = {http://www.ebi.ac.uk/~holm/nrdb90/}
}

@article{pfam,
  title={The Pfam protein families database},
  author={Bateman, Alex and Coin, Lachlan and Durbin, Richard and Finn, Robert D and Hollich, Volker and Griffiths-Jones, Sam and Khanna, Ajay and Marshall, Mhairi and Moxon, Simon and Sonnhammer, Erik LL and others},
  journal={Nucleic acids research},
  volume={32},
  number={suppl 1},
  pages={D138--D141},
  year={2004},
  publisher={Oxford Univ Press}
}

@online{pfam-site,
	title = {Pfam-A protein HMM families database - current release},
	month = sept,
	year = {2013},
	url = {ftp://ftp.sanger.ac.uk/pub/databases/Pfam/current_release/}
}


@article{superfamily,
  title={Assignment of homology to genome sequences using a library of hidden Markov models that represent all proteins of known structure},
  author={Gough, Julian and Karplus, Kevin and Hughey, Richard and Chothia, Cyrus},
  journal={Journal of molecular biology},
  volume={313},
  number={4},
  pages={903--919},
  year={2001},
  publisher={Elsevier}
}

@article{dfam,
  title={Dfam: a database of repetitive DNA based on profile hidden Markov models},
  author={Wheeler, Travis J and Clements, Jody and Eddy, Sean R and Hubley, Robert and Jones, Thomas A and Jurka, Jerzy and Smit, Arian FA and Finn, Robert D},
  journal={Nucleic acids research},
  volume={41},
  number={D1},
  pages={D70--D82},
  year={2013},
  publisher={Oxford Univ Press}
}





==================================================================
	Prefetches
==================================================================

@article{prefetch-prexec,
 author = {Luk, Chi-Keung},
 title = {Tolerating memory latency through software-controlled pre-execution in simultaneous multithreading processors},
 journal = {SIGARCH Comput. Archit. News},
 issue_date = {May 2001},
 volume = {29},
 number = {2},
 month = may,
 year = {2001},
 issn = {0163-5964},
 pages = {40--51},
 numpages = {12},
 url = {http://doi.acm.org/10.1145/384285.379250},
 doi = {10.1145/384285.379250},
 acmid = {379250},
 publisher = {ACM},
 address = {New York, NY, USA},
} 

@inproceedings{zilles2001execution,
  title={Execution-based prediction using speculative slices},
  author={Zilles, Craig and Sohi, Gurindar},
  booktitle={Computer Architecture, 2001. Proceedings. 28th Annual International Symposium on},
  pages={2--13},
  year={2001},
  organization={IEEE}
}

@inproceedings{dudas2011using,
  title={Using pre-execution and helper threads for speeding up data intensive applications},
  author={Dud{\'a}s, Akos and Juh{\'a}sz, S{\'a}ndor},
  booktitle={Proceedings of the world congress on engineering},
  pages={1288--1293},
  year={2011}
}




================================================================== 
	MOLECULAR BIOLOGY MISC
==================================================================

@article{genbank,
  title={{GenBank}},
  author={Benson, D.A. and Karsch-Mizrachi, I. and Lipman, D.J. and Ostell, J. and Rapp, B.A. and Wheeler, D.L.},
  journal={Nucleic acids research},
  volume={28},
  number={1},
  pages={15--18},
  year={2000},
  publisher={Oxford Univ Press}
}

@article{brocchieri2005protein,
  title={{Protein length in eukaryotic and prokaryotic proteomes}},
  author={Brocchieri, L. and Karlin, S.},
  journal={Nucleic acids research},
  volume={33},
  number={10},
  pages={3390},
  year={2005},
  publisher={Oxford Univ Press}
}

article{largestgenome,
  title={{The largest eukaryotic genome of them all?}},
  author={Pellicer, J. and Fay, M.F. and Leitch, I.J.},
  journal={Botanical Journal of the Linnean Society},
  volume={164},
  number={1},
  pages={10--15},
  year={2010},
  publisher={Wiley Online Library}
}


@article{blosum,
  title={{Amino acid substitution matrices from protein blocks}},
  author={Henikoff, S. and Henikoff, J.G.},
  journal={Proceedings of the National Academy of Sciences},
  volume={89},
  number={22},
  pages={10915},
  year={1992},
  publisher={National Acad Sciences}
}

@article{pam,
  title={{22 A Model of Evolutionary Change in Proteins}},
  author={Dayhoff, MO and Schwartz, RM and Orcutt, BC},
  journal={Atlas of protein sequence and structure},
  volume={5},
  pages={345--352},
  year={1972}
}

@article{pyrosequencing,
  title={{Single-nucleotide polymorphism analysis by pyrosequencing}},
  author={Ahmadian, A. and Gharizadeh, B. and others},
  journal={Analytical biochemistry},
  volume={280},
  number={1},
  pages={103--110},
  year={2000},
  publisher={Elsevier}
}




================================================================== 
	Edit distance metrics
================================================================== 

@article{hamming,
  title={{Error detecting and error correcting codes}},
  author={Hamming, R.W.},
  journal={Bell System Technical Journal},
  volume={29},
  number={2},
  pages={147--160},
  year={1950}
}

@inproceedings{levenshtein,
  title={{Binary codes capable of correcting deletions, insertions, and reversals}},
  author={Levenshtein, V.I.},
  booktitle={Soviet physics doklady},
  pages={707--710},
  year={1966}
}

@article{wagner1974string,
  title={{The string-to-string correction problem}},
  author={Wagner, R.A. and Fischer, M.J.},
  journal={Journal of the ACM (JACM)},
  volume={21},
  number={1},
  pages={168--173},
  year={1974},
  publisher={ACM}
}

article{damerau,
  title={{A technique for computer detection and correction of spelling errors}},
  author={Damerau, F.J.},
  journal={Communications of the ACM},
  volume={7},
  number={3},
  pages={171--176},
  year={1964},
  publisher={ACM}
}



================================================================== 
	DYNAMIC PROGRAMMING SEQUENCE ALIGNMENT ALGORITHMS
================================================================== 

@article{needlemanwunsch,
  title={{A general method applicable to the search for similarities in the amino acid sequence of two proteins}},
  author={Needleman, S.B. and Wunsch, C.D.},
  journal={J. of Mol. Biol.},
  volume={48},
  number={3},
  pages={443--453},
  year={1970},
  publisher={Elsevier}
}

article{sellers,
  title={{On the Theory and Computation of Evolutionary Distances}},
  author={Sellers, P.H.},
  journal={SIAM Journnal on Applied Mathematics},
  year={1974},
  volume={26},
  pages={787--793},
}

@article{waterman1976some,
  title={{Some biological sequence metrics}},
  author={Waterman, M.S. and Smith, T.F. and Beyer, W.A.},
  journal={Advances in Mathematics},
  volume={20},
  number={3},
  pages={367--387},
  year={1976},
  publisher={Elsevier}
}

@article{smith1981comparative,
  title={{Comparative biosequence metrics}},
  author={Smith, T.F. and Waterman, M.S. and Fitch, W.M.},
  journal={Journal of Molecular Evolution},
  volume={18},
  number={1},
  pages={38--46},
  year={1981},
  publisher={Springer}
}

@article{smithwaterman,
  title={{Identification of common molecular subsequences}},
  author={Smith, T.F. and Waterman, M.S. and others},
  journal={J. mol. Biol},
  volume={147},
  number={1},
  pages={195--197},
  year={1981}
}

@article{gotoh,
  title={{An improved algorithm for matching biological sequences}},
  author={Gotoh, O.},
  journal={Journal of molecular biology},
  volume={162},
  number={3},
  pages={705--708},
  year={1982},
  publisher={Elsevier}
}

article{gotoh1986alignment,
  title={{Alignment of three biological sequences with an efficient traceback procedure}},
  author={Gotoh, O.},
  journal={Journal of Theoretical Biology},
  volume={121},
  number={3},
  pages={327--337},
  year={1986},
  publisher={Elsevier}
}

article{fitch1983optimal,
  title={{Optimal sequence alignments}},
  author={Fitch, W.M. and Smith, T.F.},
  journal={Proceedings of the National Academy of Sciences},
  volume={80},
  number={5},
  pages={1382},
  year={1983},
  publisher={National Acad Sciences}
}

article{lesk1986alignment,
  title={{Alignment of the amino acid sequences of distantly related proteins using variable gap penalties}},
  author={Lesk, A.M. and Levitt, M. and Chothia, C.},
  journal={Protein Engineering},
  volume={1},
  number={1},
  pages={77},
  year={1986},
  publisher={Oxford Univ Press}
}




================================================================== 
	ALTERNATIVES AND VARIANTS
================================================================== 

article{altschul1986optimal,
  title={{Optimal sequence alignment using affine gap costs}},
  author={Altschul, S.F. and Erickson, B.W.},
  journal={Bulletin of Mathematical Biology},
  volume={48},
  number={5},
  pages={603--616},
  year={1986},
  publisher={Springer}
}

article{myersbitvector,
  title={{A fast bit-vector algorithm for approximate string matching based on dynamic programming}},
  author={Myers, G.},
  journal={Journal of the ACM (JACM)},
  volume={46},
  number={3},
  pages={395--415},
  year={1999},
  publisher={ACM}
}

article{hyyr?2003bit,
  title={{A bit-vector algorithm for computing Levenshtein and Damerau edit distances}},
  author={Hyyr{\"o}, H.},
  journal={Nordic Journal of Computing},
  volume={10},
  pages={29--39},
  year={2003},
  publisher={Citeseer}
}

article{watermaneggert,
  title={{A new algorithm for best subsequence alignments with application to tRNA-rRNA comparisons}},
  author={Waterman, M.S. and Eggert, M.},
  journal={Journal of molecular biology},
  volume={197},
  number={4},
  pages={723--728},
  year={1987},
  publisher={Elsevier}
}



================================================================== 
	POSITION SPECIFIC SCORING MATRIXES
================================================================== 

@article{gribskov1987profile,
  title={{Profile analysis: detection of distantly related proteins}},
  author={Gribskov, M. and McLachlan, A.D. and Eisenberg, D.},
  journal={Proceedings of the National Academy of Sciences},
  volume={84},
  number={13},
  pages={4355},
  year={1987},
  publisher={National Acad Sciences}
}

@article{henikoff1994position,
  title={{Position-based sequence weights}},
  author={Henikoff, S. and Henikoff, J.G.},
  journal={Journal of Molecular Biology},
  volume={243},
  number={4},
  pages={574--578},
  year={1994},
  publisher={Elsevier}
}

article{henikoff1996using,
  title={{Using substitution probabilities to improve position-specific scoring matrices}},
  author={Henikoff, J.G. and Henikoff, S.},
  journal={Computer applications in the biosciences: CABIOS},
  volume={12},
  number={2},
  pages={135},
  year={1996},
  publisher={Oxford Univ Press}
}

@article{rudnickipssms,
  title={{Parallel Position-Specific Iterated Smith-Waterman Algorithm Implementation}},
  author={Rudnicki, W. and Maszkowski, R. and Bolikowski, L. and Cytowski, M. and Dobrzynski, M. and Fronczak, M.},
  journal={Proceedings the CUG 2005 conference in Albuquerqe},
  year={2006}
}



================================================================== 
	Heuristic Tools
==================================================================

@article{fasta,
  title={{Improved tools for biological sequence comparison}},
  author={Pearson, W.R. and Lipman, D.J.},
  journal={Proceedings of the National Academy of Sciences},
  volume={85},
  number={8},
  pages={2444},
  year={1988},
  publisher={National Acad Sciences}
}

@article{ssearch,
  title={{Searching protein sequence libraries: comparison of the sensitivity and selectivity of the Smith-Waterman and FASTA algorithms}},
  author={Pearson, W.R.},
  journal={Genomics},
  volume={11},
  number={3},
  pages={635--650},
  year={1991},
  publisher={Elsevier}
}

@article{blast,
  title={{Basic local alignment search tool}},
  author={Altschul, S.F. and Gish, W. and Miller, W. and Myers, E.W. and Lipman, D.J.},
  journal={Journal of molecular biology},
  volume={215},
  number={3},
  pages={403--410},
  year={1990},
  publisher={Elsevier}
}

@misc{ncbiblast,
  title={{NCBI-blast}},
  author={Altschul, S.F. and Gish, W. and Miller, W. and Myers, E.W. and Lipman, D.J.},
  howpublished = "\url{http://blast.ncbi.nlm.nih.gov/Blast.cgi}",
  year={1990}
}



@misc{wublast,
  title={{Wu-blast}},
  author={Gish, W.},
  howpublished = "\url{http://blast.wustl.edu/}",
  year={1996}
}

@article{gappsiblast,
  title={{Gapped BLAST and PSI-BLAST: a new generation of protein database search programs}},
  author={Altschul, S.F. and Madden, T.L. and others},
  journal={Nucleic acids research},
  volume={25},
  number={17},
  pages={3389--3402},
  year={1997},
  publisher={Oxford Univ Press}
}

@article{mpiblast,
  title={{The design, implementation, and evaluation of mpiBLAST}},
  author={Darling, A. and Carey, L. and Feng, W.},
  journal={Proceedings of ClusterWorld},
  volume={2003},
  year={2003}
}

@article{paralign,
  title={{ParAlign: a parallel sequence alignment algorithm for rapid and sensitive database searches}},
  author={Rognes, T.},
  journal={Nucleic Acids Research},
  volume={29},
  number={7},
  pages={1647},
  year={2001},
  publisher={Oxford Univ Press}
}

article{shpaer1996sensitivity,
  title={{Sensitivity and selectivity in protein similarity searches: a comparison of Smith-Waterman in hardware to BLAST and FASTA}},
  author={Shpaer, E.G. and Robinson, M. and Yee, D. and Candlin, J.D. and Mines, R. and Hunkapiller, T. and others},
  journal={Genomics},
  volume={38},
  number={2},
  pages={179--191},
  year={1996},
  publisher={San Diego: Academic Press, c1987-}
}





================================================================== 
	Multiple Sequence Alignment
==================================================================

article{martinez1988flexible,
  title={{A flexible multiple sequence alignment program}},
  author={Martinez, H.M.},
  journal={Nucleic Acids Research},
  volume={16},
  number={5},
  pages={1683--1691},
  year={1988},
  publisher={Oxford Univ Press}
}

article{vingron1989fast,
  title={{A fast and sensitive multiple sequence alignment algorithm}},
  author={Vingron, M. and Argos, P.},
  journal={Computer applications in the biosciences: CABIOS},
  volume={5},
  number={2},
  pages={115},
  year={1989},
  publisher={Oxford Univ Press}
}

article{gotoh1993optimal,
  title={{Optimal alignment between groups of sequences and its application to multiple sequence alignment}},
  author={Gotoh, O.},
  journal={Computer applications in the biosciences: CABIOS},
  volume={9},
  number={3},
  pages={361},
  year={1993},
  publisher={Oxford Univ Press}
}

  title={{CLUSTAL W: improving the sensitivity of progressive multiple sequence alignment through sequence weighting, position-specific gap penalties and weight matrix choice}},

@article{clustal,
  title={{CLUSTAL W: improving the sensitivity of progressive multiple sequence alignment}},
  author={Thompson, J.D. and Higgins, D.G. and Gibson, T.J.},
  journal={Nucleic acids research},
  volume={22},
  number={22},
  pages={4673},
  year={1994},
  publisher={Oxford Univ Press}
}

article{brudno2003lagan,
  title={{LAGAN and Multi-LAGAN: efficient tools for large-scale multiple alignment of genomic DNA}},
  author={Brudno, M. and Do, C.B. and Cooper, G.M. and Kim, M.F. and Davydov, E. and Green, E.D. and Sidow, A. and Batzoglou, S. and others},
  journal={Genome research},
  volume={13},
  number={4},
  pages={721--731},
  year={2003},
  publisher={Cold Spring Harbor Lab}
}



================================================================== 
	Hirschberg and Optimal Space-time algorithms
==================================================================

@article{hirschberg,
  title={{A linear space algorithm for computing maximal common subsequences}},
  author={Hirschberg, D.S.},
  journal={Communications of the ACM},
  volume={18},
  number={6},
  pages={341--343},
  year={1975},
  publisher={ACM}
}

@article{myers1988optimal,
  title={{Optimal alignments in linear space}},
  author={Myers, E.W. and Miller, W.},
  journal={Computer applications in the biosciences: CABIOS},
  volume={4},
  number={1},
  pages={11},
  year={1988},
  publisher={Oxford Univ Press}
}

@article{rajko2004space,
  title={{Space and time optimal parallel sequence alignments}},
  author={Rajko, S. and Aluru, S.},
  journal={Parallel and Distributed Systems, IEEE Transactions on},
  volume={15},
  number={12},
  pages={1070--1081},
  year={2004},
  publisher={IEEE}
}





================================================================== 
	Alignment on SIMD vector units
================================================================== 

@inproceedings{alpern,
  title={{Microparallelism and high-performance protein matching}},
  author={Alpern, B. and Carter, L. and Su Gatlin, K.},
  booktitle={1995 ACM/IEEE conference on Supercomputing},
  pages={24},
  year={1995},
  organization={ACM}
}

@article{wozniak,
  title={{Using video-oriented instructions to speed up sequence comparison}},
  author={Wozniak, A.},
  journal={Computer applications in the biosciences: CABIOS},
  volume={13},
  number={2},
  pages={145--150},
  year={1997},
  publisher={Oxford Univ Press}
}

@article{swat,
  title={{SWAT: Smith Waterman Alignment Tool}},
  author={Green,P.},
  journal={\url{http://www.genome.washington.edu/uwgc/analysistools/swat.htm}},
  year={1993},
}

@article{rognes2000,
  title={{Six-fold speed-up of Smith--Waterman sequence database searches using parallel processing on common microprocessors}},
  author={Rognes, T. and Seeberg, E.},
  journal={Bioinformatics},
  volume={16},
  number={8},
  pages={699},
  year={2000},
  publisher={Oxford Univ Press}
}

@article{farrar,
  title={{Striped Smith--Waterman speeds database searches six times over other SIMD implementations}},
  author={Farrar, M.},
  journal={Bioinformatics},
  volume={23},
  number={2},
  pages={156--161},
  year={2007},
  publisher={Oxford Univ Press}
}

@article{rognes2011,
  title={{Faster Smith-Waterman database searches with inter-sequence SIMD parallelisation}},
  author={Rognes, T.},
  journal={BMC bioinformatics},
  volume={12},
  number={1},
  pages={221},
  year={2011},
  publisher={BioMed Central Ltd}
}

article{scaledmap,
  title={{Improving SIMD Implementations of the Smith-Waterman Algorithm}},
  author={Russo, L. and Roma, N.},
}

  year={2012},
  journal={SPIRE}


  
================================================================== 
	Alignment Cell BE
==================================================================

@article{rudnicki2009cell,
  title={{The new SIMD implementation of the Smith-Waterman algorithm on Cell microprocessor}},
  author={Rudnicki, W.R. and Jankowski, A. and others},
  journal={Fundamenta Informaticae},
  volume={96},
  number={1},
  pages={181--194},
  year={2009},
  publisher={IOS Press}
}

@article{farrarcell,
  title={{Optimizing smith-waterman for the cell broadband engine}},
  author={Farrar, M.S.},
  journal={Sequence Analysis},
  year={2008}
}

@article{swps3,
  title={{SWPS3: fast multi-threaded vectorized Smith-Waterman for IBM Cell/BE and x86/SSE2}},
  author={Szalkowski, A. and Ledergerber, C. and others},
  journal={BMC Research Notes},
  volume={1},
  number={1},
  pages={107},
  year={2008},
  publisher={BioMed Central Ltd}
}

@article{sachdeva2008exploring,
  title={{Exploring the viability of the Cell BE for bioinformatics applications}},
  author={Sachdeva, V. and Kistler, M. and Speight, E. and Tzeng, T.H.K.},
  journal={Parallel Computing},
  volume={34},
  number={11},
  pages={616--626},
  year={2008},
  publisher={Elsevier}
}





================================================================== 
	Alignment on Hardware and FPGAs
==================================================================

inproceedings{hasan2008hardware,
  title={{Hardware implementation of the smith-waterman algorithm using recursive variable expansion}},
  author={Hasan, L. and Al-Ars, Z. and Nawaz, Z. and Bertels, K.},
  booktitle={Design and Test Workshop, 2008. IDT 2008. 3rd International},
  pages={135--140},
  year={2008},
  organization={IEEE}
}

@article{yu2005smith,
  title={{A Smith-Waterman systolic cell}},
  author={Yu, C.W. and Kwong, KH and others},
  journal={New Algorithms, Architectures and Applications for Reconfigurable Computing},
  pages={291--300},
  year={2005},
  publisher={Springer}
}

article{benkrid2009highly,
  title={{A highly parameterized and efficient FPGA-based skeleton for pairwise biological sequence alignment}},
  author={Benkrid, K. and Liu, Y. and Benkrid, A.S.},
  journal={Very Large Scale Integration (VLSI) Systems, IEEE Transactions on},
  volume={17},
  number={4},
  pages={561--570},
  year={2009},
  publisher={IEEE}
}

@article{oliver2005reconfigurable,
  title={{Reconfigurable architectures for bio-sequence database scanning on FPGAs}},
  author={Oliver, T.F. and Schmidt, B. and Maskell, D.L.},
  journal={Transactions on Circuits and Systems II: Express Briefs},
  volume={52},
  number={12},
  pages={851--855},
  year={2005},
  publisher={IEEE}
}

inproceedings{zhang2007implementation,
  title={{Implementation of the Smith-Waterman algorithm on a reconfigurable supercomputing platform}},
  author={Zhang, P. and Tan, G. and Gao, G.R.},
  booktitle={Proceedings of the 1st workshop on High-performance reconfigurable computing technology and applications},
  pages={39--48},
  year={2007},
  organization={ACM}
}

inproceedings{herbordt2006single,
  title={{Single pass, BLAST-like, approximate string matching on FPGAs}},
  author={Herbordt, JC and Model, J. and Gu, Y. and Sukhwani, B. and VanCourt, T.},
  booktitle={Field-Programmable Custom Computing Machines, 2006. FCCM'06. 14th Annual IEEE Symposium on},
  pages={217--226},
  year={2006},
  organization={IEEE}
}





================================================================== 
	Whole-genome Alignment
==================================================================

article{weber1997human,
  title={{Human whole-genome shotgun sequencing}},
  author={Weber, J.L. and Myers, E.W.},
  journal={Genome Research},
  volume={7},
  number={5},
  pages={401--409},
  year={1997},
  publisher={Cold Spring Harbor Lab}
}

@inproceedings{anson1999algorithms,
  title={{Algorithms for whole genome shotgun sequencing}},
  author={Anson, E. and Myers, G.},
  booktitle={Proceedings of the 3th conference on Computational molecular biology},
  pages={1--9},
  year={1999},
  organization={ACM}
}

article{delcher1999alignment,
  title={{Alignment of whole genomes}},
  author={Delcher, A.L. and Kasif, S. and Fleischmann, R.D. and Peterson, J. and White, O. and Salzberg, S.L.},
  journal={Nucleic Acids Research},
  volume={27},
  number={11},
  pages={2369--2376},
  year={1999},
  publisher={Oxford Univ Press}
}

@article{mummer1,
  title={{Alignment of whole genomes}},
  author={Delcher, A.L. and Kasif, S. and Fleischmann, R.D. and Peterson, J. and White, O. and Salzberg, S.L.},
  journal={Nucleic Acids Research},
  volume={27},
  number={11},
  pages={2369--2376},
  year={1999},
  publisher={Oxford Univ Press}
}

article{mummer2,
  title={{Fast algorithms for large-scale genome alignment and comparison}},
  author={Delcher, A.L. and Phillippy, A. and Carlton, J. and Salzberg, S.L.},
  journal={Nucleic Acids Research},
  volume={30},
  number={11},
  pages={2478--2483},
  year={2002},
  publisher={Oxford Univ Press}
}

article{mummer3,
  title={{Versatile and open software for comparing large genomes}},
  author={Kurtz, S. and Phillippy, A. and Delcher, A.L. and Smoot, M. and Shumway, M. and Antonescu, C. and Salzberg, S.L.},
  journal={Genome biology},
  volume={5},
  number={2},
  pages={R12},
  year={2004},
  publisher={BioMed Central Ltd}
}

inproceedings{martins2001whole,
  title={{Whole genome alignment using a multithreaded parallel implementation}},
  author={Martins, W.S. and del Cuvillo, J. and Cui, W. and Gao, G.R.},
  booktitle={Symposium on Computer Architecture and High Performance Computing},
  pages={1--8},
  year={2001}
}

article{kahveci2004speeding,
  title={{Speeding up whole-genome alignment by indexing frequency vectors}},
  author={Kahveci, T. and Ljosa, V. and Singh, A.K.},
  journal={Bioinformatics},
  volume={20},
  number={13},
  pages={2122},
  year={2004},
  publisher={Oxford Univ Press}
}



================================================================== 
	Short-reads Alignment
==================================================================

@article{tapyr,
  title={{Efficient alignment of pyrosequencing reads for re-sequencing applications}},
  author={Francisco, F. and da Fonseca Paulo, R.L. and Arlindo, O. and Ana, F.},
  journal={BMC Bioinformatics},
  volume={12},
  year={2011}
}

@article{wendieuler,
  title={{Short read DNA fragment anchoring algorithm}},
  author={Wang, W. and Zhang, P. and Liu, X.},
  journal={BMC bioinformatics},
  volume={10},
  number={Suppl 1},
  pages={S17},
  year={2009},
  publisher={BioMed Central Ltd}
}

@article{pass,
  title={{PASS: a program to align short sequences}},
  author={Campagna, D. and Albiero, A. and Bilardi, A. and Caniato, E. and Forcato, C. and Manavski, S. and Vitulo, N. and Valle, G.},
  journal={Bioinformatics},
  volume={25},
  number={7},
  pages={967--968},
  year={2009},
  publisher={Oxford Univ Press}
}

@article{gassst,
  title={{GASSST: global alignment short sequence search tool}},
  author={Rizk, G. and Lavenier, D.},
  journal={Bioinformatics},
  volume={26},
  number={20},
  pages={2534},
  year={2010},
  publisher={Oxford Univ Press}
}

article{bfast,
  title={{BFAST: an alignment tool for large scale genome resequencing}},
  author={Homer, N. and Merriman, B. and Nelson, S.F.},
  journal={PLoS One},
  volume={4},
  number={11},
  pages={e7767},
  year={2009},
  publisher={Public Library of Science}
}

article{soap,
  title={{SOAP: short oligonucleotide alignment program}},
  author={Li, R. and Li, Y. and Kristiansen, K. and Wang, J.},
  journal={Bioinformatics},
  volume={24},
  number={5},
  pages={713--714},
  year={2008},
  publisher={Oxford Univ Press}
}

@article{blat,
  title={{BLAT: the BLAST-like alignment tool}},
  author={Kent, W.J.},
  journal={Genome research},
  volume={12},
  number={4},
  pages={656--664},
  year={2002},
  publisher={Cold Spring Harbor Lab}
}

article{ultrafast,
  title={{Ultrafast and memory-efficient alignment of short DNA sequences to the human genome}},
  author={Langmead, B. and Trapnell, C. and Pop, M. and Salzberg, S.L.},
  journal={Genome Biol},
  volume={10},
  number={3},
  pages={R25},
  year={2009}
}

@article{bwa,
  title={{Fast and accurate short read alignment with Burrows--Wheeler transform}},
  author={Li, H. and Durbin, R.},
  journal={Bioinformatics},
  volume={25},
  number={14},
  pages={1754--1760},
  year={2009},
  publisher={Oxford Univ Press}
}




================================================================== 
	Alignment on Multicores and Clusters
==================================================================

@inproceedings{parbcp,
  title={{Parallel dynamic programming for solving the string editing problem on a CGM/BSP}},
  author={Alves, CER and C{\'a}ceres, EN and Dehne, F.},
  booktitle={Proceedings of the 14th annual ACM symposium on Parallel algorithms and architectures},
  pages={275--281},
  year={2002},
  organization={ACM}
}

@inproceedings{zalign,
  title={{Exact pairwise alignment using a novel z-align parallel strategy}},
  author={Boukerche, A. and Batista, R.B. and de Melo, A.C.M.A.},
  booktitle={IEEE Symposium on Parallel \& Distributed Processing, 2009},
  pages={1--8},
  year={2009},
  organization={IEEE}
}

@article{boukerche2007parallel,
  title={{Parallel strategies for the local biological sequence alignment in a cluster of workstations}},
  author={Boukerche, A. and de Melo and others},
  journal={Journal of Parallel and Distributed Computing},
  volume={67},
  number={2},
  pages={170--185},
  year={2007},
  publisher={Elsevier}
}

inproceedings{cehn2003computing,
  title={Computing large-scale alignments on a multi-cluster},
  author={Cehn, C. and Schmidt, B.},
  booktitle={Cluster Computing, 2003. Proceedings. 2003 IEEE International Conference on},
  pages={38--45},
  year={2003},
  organization={IEEE}
}

@inproceedings{liao2004parallel,
  title={{A parallel implementation of the Smith-Waterman algorithm for massive sequences searching}},
  author={Liao, H.Y. and Yin, M.L. and Cheng, Y.},
  booktitle={Engineering in Medicine and Biology Society. 26th Annual Conference},
  volume={2},
  pages={2817--2820},
  year={2004},
  organization={IEEE}
}

article{ebedes2004multiple,
  title={{Multiple sequence alignment in parallel on a workstation cluster}},
  author={Ebedes, J. and Datta, A.},
  journal={Bioinformatics},
  volume={20},
  number={7},
  pages={1193--1195},
  year={2004},
  publisher={Oxford Univ Press}
}

inproceedings{liu2003parallel,
  title={Parallel design pattern for computational biology and scientific computing applications},
  author={Liu, W. and Schmidt, B.},
  booktitle={Cluster Computing, 2003. Proceedings. 2003 IEEE International Conference on},
  pages={456--459},
  year={2003},
  organization={IEEE}
}

@inproceedings{meng2005exploiting,
  title={{Exploiting multi-level parallelism for homology search using general purpose processors}},
  author={Meng, X. and Chaudhary, V.},
  booktitle={11th Conference on Parallel and Distributed Systems},
  volume={2},
  pages={331--335},
  year={2005},
  organization={IEEE}
}

@inproceedings{framework2010parallel,
  title={{A parallel programming framework for multi-core DNA sequence alignment}},
  author={de Almeida, T.J.B.M. and Roma, N.F.V.},
  booktitle={Complex, Intelligent and Software Intensive Systems (CISIS)},
  pages={907--912},
  year={2010},
  organization={IEEE}
}

@article{hosny,
  title={{An Efficient Solution for Aligning Huge DNA Sequences}},
  author={Hosny, A.M. and Shedeed, H.A. and others},
  journal={International Journal of Computer Applications (0975 ? 8887)},
  volume={32},
  year={2011}
}




================================================================== 
	GPUs e CUDA
==================================================================

@article{cudasw,
  title={{CUDASW++: optimizing Smith-Waterman sequence database searches for CUDA-enabled GPUs}},
  author={Liu, Y. and Maskell, D. and Schmidt, B.},
  journal={BMC Research Notes},
  volume={2},
  number={1},
  pages={73},
  year={2009},
  publisher={BioMed Central Ltd}
}

article{liu2010cudasw,
  title={{CUDASW++ 2.0: enhanced Smith-Waterman protein database search on CUDA-enabled GPUs based on SIMT and virtualized SIMD abstractions}},
  author={Liu, Y. and Schmidt, B. and Maskell, D.},
  journal={BMC Research Notes},
  volume={3},
  number={1},
  pages={93},
  year={2010},
  publisher={BioMed Central Ltd}
}

inproceedings{che2008accelerating,
  title={{Accelerating compute-intensive applications with GPUs and FPGAs}},
  author={Che, S. and Li, J. and Sheaffer, J.W. and Skadron, K. and Lach, J.},
  booktitle={Application Specific Processors, 2008. SASP 2008. Symposium on},
  pages={101--107},
  year={2008},
  organization={Ieee}
}

inproceedings{ligowski2010gpu,
  title={{GPU-SW sequence alignment server}},
  author={Ligowski, L. and Rudnicki, W.R.},
  booktitle={Proceedings of International Conference on Computational Science},
  pages={1--10},
  year={2010}
}

article{manavski2008cuda,
  title={{CUDA compatible GPU cards as efficient hardware accelerators for Smith-Waterman sequence alignment}},
  author={Manavski, S. and Valle, G.},
  journal={BMC bioinformatics},
  volume={9},
  number={Suppl 2},
  pages={S10},
  year={2008},
  publisher={BioMed Central Ltd}
}

article{liu2006gpu,
  title={{Gpu accelerated smith-waterman}},
  author={Liu, Y. and Huang, W. and Johnson, J. and Vaidya, S.},
  journal={Computational Science--ICCS 2006},
  pages={188--195},
  year={2006},
  publisher={Springer}
}

inproceedings{siriwardena2010accelerating,
  title={{Accelerating global sequence alignment using CUDA compatible multi-core GPU}},
  author={Siriwardena, TRP and Ranasinghe, DN},
  booktitle={Information and Automation for Sustainability (ICIAFs), 2010 5th International Conference on},
  pages={201--206},
  year={2010},
  organization={IEEE}
}

inproceedings{zhang2010optimization,
  title={{The optimization of parallel Smith-Waterman sequence alignment using on-chip memory of GPGPU}},
  author={Zhang, Q. and An, H. and Liu, G. and Han, W. and Yao, P. and Xu, M. and Li, X.},
  booktitle={Bio-Inspired Computing: Theories and Applications (BIC-TA), 2010 IEEE Fifth International Conference on},
  pages={844--850},
  year={2010},
  organization={IEEE}
}

inproceedings{ligowski2009efficient,
  title={{An efficient implementation of Smith Waterman algorithm on GPU using CUDA, for massively parallel scanning of sequence databases}},
  author={Ligowski, L. and Rudnicki, W.},
  booktitle={Parallel \& Distributed Processing, 2009. IPDPS 2009. IEEE International Symposium on},
  pages={1--8},
  year={2009},
  organization={IEEE}
}

@article{cudablast,
  title={{CUDA-BLASTP: Accelerating BLASTP on CUDA-Enabled Graphics Hardware}},
  author={Liu, W. and Schmidt, B. and Muller-Wittig, W.},
  journal={IEEE/ACM Transactions on Computational Biology and Bioinformatics},
  volume={8},
  number={6},
  pages={1678--1684},
  year={2011},
  publisher={IEEE Computer Society Press}
}


================================================================== 
	DATA STRUCTURES and INDEXES
==================================================================

@article{indexes,
  title={{Compressed full-text indexes}},
  author={Navarro, G. and M{\"a}kinen, V.},
  journal={ACM Computing Surveys (CSUR)},
  volume={39},
  number={1},
  pages={2},
  year={2007},
  publisher={ACM}
}

techreport{bwt,
    author = {M. Burrows and D. J. Wheeler and M. Burrows and D. J. Wheeler},
    title = {A block-sorting lossless data compression algorithm},
    institution = {SRC},
    year = {1994}
}



================================================================== 
	TOOLS and FRAMEWORKS
==================================================================

@article{seqan,
  title={{SeqAn an efficient, generic C++ library for sequence analysis}},
  author={D{\"o}ring, A. and Weese, D. and Rausch, T. and Reinert, K.},
  journal={BMC bioinformatics},
  volume={9},
  number={1},
  pages={11},
  year={2008},
  publisher={BioMed Central Ltd}
}

@article{valgrind,
  title={{Valgrind: a framework for heavyweight dynamic binary instrumentation}},
  author={Nethercote, N. and Seward, J.},
  journal={ACM SIGPLAN Notices},
  volume={42},
  number={6},
  pages={89--100},
  year={2007},
  publisher={ACM}
}

@inproceedings{bioperf,
  title={{BioPerf: A benchmark suite to evaluate bioinformatics applications}},
  author={Bader, D.A. and Li, Y. and Li, T. and Sachdeva, V.},
  booktitle={Workload Characterization Symposium, 2005},
  pages={163--173},
  year={2005},
  organization={IEEE}
}

@article{mpi,
  title={{A high-performance, portable implementation of the MPI message passing interface standard}},
  author={Gropp, W. and Lusk, E. and others},
  journal={Parallel computing},
  volume={22},
  number={6},
  pages={789--828},
  year={1996},
  publisher={Elsevier}
}

@book{group1999using,
  title={{Using MPI: portable parallel programming with the message passing interface}},
  author={Gropp, W. and Lusk, E. and Skjellum, A.},
  publisher={MIT Press},
  year={1999}
}

@article{openmpi,
  title={{Open MPI: Goals, concept, and design of a next generation MPI implementation}},
  author={Gabriel, E. and Fagg, G and others},
  journal={Recent Advances in PVM and MPI},
  pages={353--377},
  year={2004},
  publisher={Springer}
}

@article{openmp,
  title={{OpenMP: an industry standard API for shared-memory programming}},
  author={Dagum, L. and Menon, R.},
  journal={Computational Science \& Engineering, IEEE},
  volume={5},
  number={1},
  pages={46--55},
  year={1998},
  publisher={IEEE}
}

@book{chandra2001parallel,
  title={{Parallel programming in OpenMP}},
  author={Chandra, R.},
  year={2001},
  publisher={Morgan Kaufmann}
}

book{kumar2002introduction,
  title={{Introduction to parallel computing}},
  author={Kumar, V.},
  year={2002},
  publisher={Addison-Wesley Longman Publishing Co., Inc.}
}

book{herlihy2008art,
  title={{The art of multiprocessor programming}},
  author={Herlihy, M. and Shavit, N.},
  year={2008},
  publisher={Morgan Kaufmann}
}

@article{gprof,
  title={{Gprof: A call graph execution profiler}},
  author={Graham, S.L. and Kessler, P.B. and Mckusick, M.K.},
  journal={ACM Sigplan Notices},
  volume={17},
  number={6},
  pages={120--126},
  year={1982},
  publisher={ACM}
}

@techreport{ompp,
  title={{OpenMP profiler tool}},
  author = {Fuerlinger, K.},
  year={2009},
  institution = {University of Tennessee},
  journal={\url{http://projekt17.pub.lab.nm.ifi.lmu.de/ompp/}}
}


@misc{oprofile,
  title={OProfile - A System Profiler for Linux},
  author={Levon, J. and Elie, P},
  howpublished = "\url{http://oprofile.sourceforge.net}",
  year={1990}
}



@article{karpflatt,
  title={Measuring parallel processor performance},
  author={Karp, Alan H and Flatt, Horace P},
  journal={Communications of the ACM},
  volume={33},
  number={5},
  pages={539--543},
  year={1990},
  publisher={ACM}
}




